@book{wald,
author= {Wald, Robert M.},
title = {General Relativity},
year = {1984},
publisher = {The University of Chicago Press},
}

@book{straumann,
author ={Straumann, Norbert},
title= {General Relativity},
year ={2013},
publisher ={Springer},
}

@book{tong_cosmo,
author = {Tong, David},
title = {Lectures on Cosmology},
year = {2019},
url = {http://www.damtp.cam.ac.uk/user/tong/cosmo/cosmo.pdf},
}

@book{tong,
author= {Tong, David},
title= {Lectures on General Relativity},
year={2019},
}
@book{tong_gauge,
author = {Tong, David},
title = {Lectures on Gauge Theory},
year = {2018},
url = {http://www.damtp.cam.ac.uk/user/tong/gaugetheory/gt.pdf},
}
@book{hawking,
author={ Hawking, Stephen W. and Ellis, George F. R.},
year={1973},
title={The Large Scale Structure of Spacetime},
publisher ={Cambridge University Press},
}

@book{townsend,
author ={Townsend, Paul K.},
title ={Black Holes},
publisher = {University of Cambridge},
}

@article{myers,
author ={Myers, Robert C.},
year ={2011},
title={Myers-Perry black holes},
url ={ arXiv:1111.1903}
}

@book{arnold,
author ={Arnold, Vladimir, I.},
year ={1974},
title ={Metodi matematici della fisica classica},
publisher ={Editori Riuniti Univ. Press},
}

@article{1998_1,
	doi = {10.1086/307221},
	url = {https://doi.org/10.1086},
	year = 1999,
	month = {6},
	publisher = {American Astronomical Society},
	volume = {517},
	number = {2},
	pages = {565--586},
	author = {S. Perlmutter and G. Aldering and G. Goldhaber and R. A. Knop and P. Nugent and P. G. Castro and S. Deustua and S. Fabbro and A. Goobar and D. E. Groom and I. M. Hook and A. G. Kim and M. Y. Kim and J. C. Lee and N. J. Nunes and R. Pain and C. R. Pennypacker and R. Quimby and C. Lidman and R. S. Ellis and M. Irwin and R. G. McMahon and P. Ruiz-Lapuente and N. Walton and B. Schaefer and B. J. Boyle and A. V. Filippenko and T. Matheson and A. S. Fruchter and N. Panagia and H. J. M. Newberg and W. J. Couch and The Supernova Cosmology Project},
	title = {Measurements of Omega and Lambda from 42 High-Redshift Supernovae},
	journal = {The Astrophysical Journal},
}
@article{1998_2,
    author = "Riess, Adam G. and others",
    collaboration = "Supernova Search Team",
    title = "{Observational evidence from supernovae for an accelerating universe and a cosmological constant}",
    eprint = "astro-ph/9805201",
    archivePrefix = "arXiv",
    doi = "10.1086/300499",
    journal = "Astron. J.",
    volume = "116",
    pages = "1009--1038",
    year = "1998"
}

@article{boi,
title={Totally not suspicious link},
url={https://bit.ly/3nyKj4S},
}


@article{wald_blackholes,
    doi = {10.12942/lrr-2001-6},
  
	year = 2001,
	month = {7},
  
	publisher = {Springer Science and Business Media {LLC}},
  
	volume = {4},
  
	number = {1},
  
	author = {Robert M. Wald},
  
	title = {The Thermodynamics of Black Holes},
  
	journal = {Living Reviews in Relativity}
}

@article{hawking_temp,
    author = "Hawking, S. W.",
    editor = "Gibbons, G. W. and Hawking, S. W.",
    title = "{Particle Creation by Black Holes}",
    doi = "10.1007/BF02345020",
    journal = "Commun. Math. Phys.",
    volume = "43",
    pages = "199--220",
    year = "1975",
    note = "[Erratum: Commun.Math.Phys. 46, 206 (1976)]"
}

@article{btz,
	doi = {10.1088/0264-9381/12/12/005},  
	year = 1995,
	month = {12},
	publisher = {{IOP} Publishing},
	volume = {12},
	number = {12},
	pages = {2853--2879},
	author = {S. Carlip},
	title = {The (2+1)-dimensional black hole},
	journal = {Classical and Quantum Gravity}
}


@misc{chernsimons,
      title={Aspects of Chern-Simons Theory}, 
      author={Gerald V. Dunne},
      year={1999},
      eprint={hep-th/9902115},
      archivePrefix={arXiv},
      primaryClass={hep-th}
}

@book{bruhat_manifolds,
author = {Choquet-Bruhat , Yvonne and Dewitt-Morette, Cecile},
language = {eng},
publisher = {North Holland},
title = {1: Basics / Analysis, Manifolds and Physics},
year = {1982},
edition ={2nd Edition},
}


@book{maggiore_gw,
    author = {Maggiore, Michele},
    title = {Gravitational Waves / Volume 1: Theory and Experiments} ,
    publisher = {Oxford University Press},
    year = {2008},
}